<record><leader>00000cas a2200000 i 4500</leader><controlfield tag="001">20711914</controlfield><controlfield tag="007">hd afu---baca</controlfield><controlfield tag="007">hd bfu---baaa</controlfield><controlfield tag="007">hd bfu---baba</controlfield><controlfield tag="008">891130d19291940ohuwr nea     0    0eng c</controlfield><datafield ind1=" " ind2=" " tag="010"><subfield code="a">   00221198 </subfield></datafield><datafield ind1=" " ind2=" " tag="040"><subfield code="a">EMT</subfield><subfield code="b">eng</subfield><subfield code="c">EMT</subfield><subfield code="d">ATL</subfield><subfield code="d">OCL</subfield><subfield code="d">ATL</subfield><subfield code="d">OCLCQ</subfield><subfield code="d">OCLCA</subfield><subfield code="d">OCLCF</subfield><subfield code="d">OCLCO</subfield><subfield code="d">OCLCQ</subfield></datafield><datafield ind1=" " ind2=" " tag="019"><subfield code="a">7317215</subfield></datafield><datafield ind1=" " ind2=" " tag="042"><subfield code="a">pcc</subfield></datafield><datafield ind1=" " ind2=" " tag="043"><subfield code="a">n-us---</subfield></datafield><datafield ind1="1" ind2="4" tag="050"><subfield code="a">BX8201</subfield></datafield><datafield ind1="0" ind2=" " tag="130"><subfield code="a">Christian advocate (Cincinnati, Ohio : 1929)</subfield></datafield><datafield ind1="1" ind2="4" tag="245"><subfield code="a">The Christian advocate.</subfield></datafield><datafield ind1=" " ind2=" " tag="250"><subfield code="a">Western ed.</subfield></datafield><datafield ind1=" " ind2=" " tag="260"><subfield code="a">Cincinnati :</subfield><subfield code="b">Methodist Book Concern,</subfield><subfield code="c">1929-1940.</subfield></datafield><datafield ind1=" " ind2=" " tag="300"><subfield code="a">12 volumes :</subfield><subfield code="b">illustrations</subfield></datafield><datafield ind1=" " ind2=" " tag="310"><subfield code="a">Weekly</subfield></datafield><datafield ind1=" " ind2=" " tag="336"><subfield code="a">text</subfield><subfield code="b">txt</subfield><subfield code="2">rdacontent</subfield></datafield><datafield ind1=" " ind2=" " tag="337"><subfield code="a">microform</subfield><subfield code="b">h</subfield><subfield code="2">rdamedia</subfield></datafield><datafield ind1=" " ind2=" " tag="338"><subfield code="a">microfilm reel</subfield><subfield code="b">hd</subfield><subfield code="2">rdacarrier</subfield></datafield><datafield ind1="0" ind2=" " tag="362"><subfield code="a">Vol. 95, no. 43 (Oct. 24, 1929)- = whole no. 5073-</subfield></datafield><datafield ind1="1" ind2=" " tag="362"><subfield code="a">Ceased with v. 106, Dec. 26, 1940.</subfield><subfield code="z">Cf. Batsel, John d. Union list of United Methodist serials, 1773-1973.</subfield></datafield><datafield ind1=" " ind2=" " tag="550"><subfield code="a">Official organ of the Methodist Episcopal Church.</subfield></datafield><datafield ind1=" " ind2=" " tag="580"><subfield code="a">Merged with: Methodist recorder (Baltimore), and several other regional editions of the Christian advocate to form: Christian advocate (Chicago, Ill. : 1941).</subfield></datafield><datafield ind1=" " ind2=" " tag="588"><subfield code="a">Latest issue consulted: Vol. 100, no. 52 (Dec. 27, 1934) = whole no. 5332.</subfield></datafield><datafield ind1=" " ind2=" " tag="533"><subfield code="a">Microfilm.</subfield><subfield code="m">v.95-100 (1929-1934)</subfield><subfield code="b">Evanston, Ill. :</subfield><subfield code="c">American Theological Library Association,</subfield><subfield code="d">1962.</subfield><subfield code="e">6 microfilm reels ; 35 mm.</subfield><subfield code="f">(ATLA serials preservation program ; ATLA film S0046B).</subfield><subfield code="n">Reel 1 includes some issues of the earlier title.</subfield></datafield><datafield ind1="2" ind2="0" tag="610"><subfield code="a">Methodist Episcopal Church</subfield><subfield code="v">Newspapers.</subfield></datafield><datafield ind1=" " ind2="0" tag="650"><subfield code="a">Methodist Church</subfield><subfield code="z">United States</subfield><subfield code="v">Newspapers.</subfield></datafield><datafield ind1="2" ind2="7" tag="610"><subfield code="a">Methodist Episcopal Church.</subfield><subfield code="2">fast</subfield><subfield code="0">(OCoLC)fst00541689</subfield></datafield><datafield ind1=" " ind2="7" tag="650"><subfield code="a">Methodist Church.</subfield><subfield code="2">fast</subfield><subfield code="0">(OCoLC)fst01018643</subfield></datafield><datafield ind1=" " ind2="7" tag="651"><subfield code="a">United States.</subfield><subfield code="2">fast</subfield><subfield code="0">(OCoLC)fst01204155</subfield></datafield><datafield ind1=" " ind2="7" tag="655"><subfield code="a">Newspapers.</subfield><subfield code="2">fast</subfield><subfield code="0">(OCoLC)fst01423814</subfield></datafield><datafield ind1="2" ind2=" " tag="710"><subfield code="a">Methodist Episcopal Church.</subfield></datafield><datafield ind1="1" ind2=" " tag="776"><subfield code="c">Original</subfield><subfield code="w">(DLC)   00221197</subfield><subfield code="w">(OCoLC)6664960</subfield></datafield><datafield ind1="0" ind2="0" tag="780"><subfield code="t">Western Christian advocate (Cincinnati, Ohio)</subfield><subfield code="w">(DLC)   00221196</subfield><subfield code="w">(OCoLC)7316958</subfield></datafield><datafield ind1="1" ind2="7" tag="785"><subfield code="t">Methodist recorder (Baltimore, Md.)</subfield><subfield code="w">(DLC)   00221540</subfield><subfield code="w">(OCoLC)26200073</subfield></datafield><datafield ind1="1" ind2="7" tag="785"><subfield code="t">Christian advocate (Cincinnati, Ohio : 1938)</subfield><subfield code="w">(DLC)   00221082</subfield><subfield code="w">(OCoLC)9210001</subfield></datafield><datafield ind1="1" ind2="7" tag="785"><subfield code="t">Christian advocate (Nashville, Tenn.)</subfield><subfield code="w">(DLC)sn 98016248</subfield><subfield code="w">(OCoLC)20683040</subfield></datafield><datafield ind1="1" ind2="7" tag="785"><subfield code="t">Christian advocate</subfield><subfield code="c">Pacific ed.</subfield></datafield><datafield ind1="1" ind2="7" tag="785"><subfield code="t">Christian advocate (Chicago, Ill. : 1929)</subfield><subfield code="w">(DLC)sn 98016026</subfield><subfield code="w">(OCoLC)25760131</subfield></datafield><datafield ind1="1" ind2="7" tag="785"><subfield code="t">Christian advocate (Chicago, Ill. : 1941)</subfield><subfield code="w">(DLC)   00221084</subfield><subfield code="w">(OCoLC)9210717</subfield></datafield><datafield ind1=" " ind2="0" tag="830"><subfield code="a">ATLA serials preservation program ;</subfield><subfield code="v">ATLA film S0046B.</subfield></datafield><datafield ind1="1" ind2=" " tag="029"><subfield code="a">AU@</subfield><subfield code="b">000021724601</subfield></datafield></record>